<record><leader>00000cas a2200000 a 4500</leader><controlfield tag="001">10378415</controlfield><controlfield tag="008">840206d18281832meuwr ne      0    0eng c</controlfield><datafield ind1=" " ind2=" " tag="010"><subfield code="a">sn 84022373 </subfield></datafield><datafield ind1=" " ind2=" " tag="040"><subfield code="a">NPX</subfield><subfield code="b">eng</subfield><subfield code="c">NPX</subfield><subfield code="d">CNW</subfield><subfield code="d">CNK</subfield><subfield code="d">MBN</subfield><subfield code="d">NVF</subfield><subfield code="d">OCL</subfield><subfield code="d">OCLCQ</subfield><subfield code="d">CRL</subfield><subfield code="d">OCLCQ</subfield><subfield code="d">OCLCF</subfield></datafield><datafield ind1="1" ind2=" " tag="029"><subfield code="a">AU@</subfield><subfield code="b">000007991108</subfield></datafield><datafield ind1=" " ind2=" " tag="042"><subfield code="a">pcc</subfield></datafield><datafield ind1=" " ind2=" " tag="043"><subfield code="a">n-us-me</subfield></datafield><datafield ind1="0" ind2=" " tag="130"><subfield code="a">Northern light (Eastport, Me.)</subfield></datafield><datafield ind1="1" ind2="4" tag="245"><subfield code="a">The northern light.</subfield></datafield><datafield ind1=" " ind2=" " tag="260"><subfield code="a">Eastport, Me. :</subfield><subfield code="b">A.H. Quincy</subfield></datafield><datafield ind1=" " ind2=" " tag="300"><subfield code="a">v.</subfield></datafield><datafield ind1=" " ind2=" " tag="310"><subfield code="a">Weekly</subfield></datafield><datafield ind1="1" ind2=" " tag="362"><subfield code="a">Began in Apr. 1828; ceased in 1832.</subfield></datafield><datafield ind1=" " ind2=" " tag="500"><subfield code="a">Editor: A.H. Quincy, 1828; J. Curtiss &lt;1828&gt;.</subfield></datafield><datafield ind1=" " ind2=" " tag="500"><subfield code="a">Publisher: James Curtiss, 1828-1832.</subfield></datafield><datafield ind1=" " ind2=" " tag="500"><subfield code="a">"Jacksonian Democratic." Cf. Griffin, J. Hist. of the press of Maine, 1872.</subfield></datafield><datafield ind1=" " ind2=" " tag="588"><subfield code="a">Description based on: Vol. 1, no. 3 (Apr. 30, 1828).</subfield></datafield><datafield ind1=" " ind2="0" tag="651"><subfield code="a">Eastport (Me.)</subfield><subfield code="v">Newspapers.</subfield></datafield><datafield ind1=" " ind2="7" tag="655"><subfield code="a">Newspapers.</subfield><subfield code="2">fast</subfield><subfield code="0">(OCoLC)fst01423814</subfield></datafield><datafield ind1=" " ind2="7" tag="651"><subfield code="a">Maine</subfield><subfield code="z">Eastport.</subfield><subfield code="2">fast</subfield><subfield code="0">(OCoLC)fst01226504</subfield></datafield><datafield ind1="1" ind2=" " tag="700"><subfield code="a">Curtiss, James.</subfield></datafield><datafield ind1="1" ind2=" " tag="700"><subfield code="a">Quincy, A. H.</subfield></datafield><datafield ind1=" " ind2=" " tag="752"><subfield code="a">United States</subfield><subfield code="b">Maine</subfield><subfield code="c">Washington</subfield><subfield code="d">Eastport.</subfield></datafield><datafield ind1="0" ind2="0" tag="785"><subfield code="t">Eastern democrat</subfield><subfield code="w">(DLC)sn 85054217</subfield><subfield code="w">(OCoLC)11749442</subfield></datafield></record>